@article{tropp2012,
  author  = {Joel A. Tropp},
  title   = {User-friendly tail bounds for sums of random matrices},
  journal = {Foundations of Computational Mathematics},
  year    = {2012},
  volume  = {12},
  pages   = {389--434},
  doi     = {10.1007/s10208-011-9099-z}
}

@article{minsker2017,
  author  = {Stanislav Minsker},
  title   = {On some extensions of {B}ernstein's inequality for self-adjoint operators},
  journal = {Statistics and Probability Letters},
  year    = {2017},
  volume  = {127},
  pages   = {111--119},
  doi     = {10.1016/j.spl.2017.03.020}
}
